{
  "leader": "02228cam a22004091i 4500",
  "fields": [
    {
      "001": "ocm01225668\\"
    },
    {
      "003": "OCoLC"
    },
    {
      "005": "20220705103006.0"
    },
    {
      "008": "750320s1960\\\\\\\\nyu\\\\\\\\\\\\\\\\\\\\\\001\\0\\eng\\\\"
    },
    {
      "010": {
        "ind1": "\\",
        "ind2": "\\",
        "subfields": [
          {
            "a": "   59013290 "
          }
        ]
      }
    },
    {
      "040": {
        "ind1": "\\",
        "ind2": "\\",
        "subfields": [
          {
            "a": "DLC"
          },
          {
            "b": "eng"
          },
          {
            "e": "rda"
          },
          {
            "c": "CPL"
          },
          {
            "d": "DLC"
          },
          {
            "d": "EL{dollar}"
          },
          {
            "d": "KEU"
          },
          {
            "d": "UKM"
          },
          {
            "d": "MUQ"
          },
          {
            "d": "CVM"
          },
          {
            "d": "BTCTA"
          },
          {
            "d": "OCLCG"
          },
          {
            "d": "CUD"
          },
          {
            "d": "OCLCF"
          },
          {
            "d": "OCLCO"
          },
          {
            "d": "OCLCQ"
          },
          {
            "d": "NLC"
          },
          {
            "d": "OCLCQ"
          },
          {
            "d": "TYC"
          },
          {
            "d": "OCLCQ"
          },
          {
            "d": "BRL"
          },
          {
            "d": "FQG"
          },
          {
            "d": "CPO"
          },
          {
            "d": "OCLCQ"
          },
          {
            "d": "NNM"
          },
          {
            "d": "VMI"
          },
          {
            "d": "IL4J6"
          },
          {
            "d": "OCLCO"
          },
          {
            "d": "CHUNN"
          },
          {
            "d": "OCLCO"
          }
        ]
      }
    },
    {
      "016": {
        "ind1": "\\",
        "ind2": "\\",
        "subfields": [
          {
            "a": "(AMICUS)000006278790"
          }
        ]
      }
    },
    {
      "019": {
        "ind1": "\\",
        "ind2": "\\",
        "subfields": [
          {
            "a": "1225676"
          },
          {
            "a": "7625791"
          },
          {
            "a": "314984392"
          },
          {
            "a": "1038155755"
          },
          {
            "a": "1145192781"
          },
          {
            "a": "1153178144"
          },
          {
            "a": "1166483606"
          },
          {
            "a": "1224874412"
          },
          {
            "a": "1231466727"
          },
          {
            "a": "1248123985"
          },
          {
            "a": "1298254458"
          }
        ]
      }
    },
    {
      "035": {
        "ind1": "\\",
        "ind2": "\\",
        "subfields": [
          {
            "a": "(OCoLC)1225668"
          },
          {
            "z": "(OCoLC)1225676"
          },
          {
            "z": "(OCoLC)7625791"
          },
          {
            "z": "(OCoLC)314984392"
          },
          {
            "z": "(OCoLC)1038155755"
          },
          {
            "z": "(OCoLC)1145192781"
          },
          {
            "z": "(OCoLC)1153178144"
          },
          {
            "z": "(OCoLC)1166483606"
          },
          {
            "z": "(OCoLC)1224874412"
          },
          {
            "z": "(OCoLC)1231466727"
          },
          {
            "z": "(OCoLC)1248123985"
          },
          {
            "z": "(OCoLC)1298254458"
          }
        ]
      }
    },
    {
      "043": {
        "ind1": "\\",
        "ind2": "\\",
        "subfields": [
          {
            "a": "n-us---"
          }
        ]
      }
    },
    {
      "050": {
        "ind1": "0",
        "ind2": "0",
        "subfields": [
          {
            "a": "UA23"
          },
          {
            "b": ".T33"
          }
        ]
      }
    },
    {
      "055": {
        "ind1": "\\",
        "ind2": "0",
        "subfields": [
          {
            "a": "UA23.T33"
          }
        ]
      }
    },
    {
      "082": {
        "ind1": "0",
        "ind2": "4",
        "subfields": [
          {
            "a": "355.0973"
          },
          {
            "b": "TAY"
          }
        ]
      }
    },
    {
      "100": {
        "ind1": "1",
        "ind2": "\\",
        "subfields": [
          {
            "a": "Taylor, Maxwell D."
          },
          {
            "q": "(Maxwell Davenport),"
          },
          {
            "d": "1901-1987."
          }
        ]
      }
    },
    {
      "245": {
        "ind1": "1",
        "ind2": "4",
        "subfields": [
          {
            "a": "The uncertain trumpet /"
          },
          {
            "c": "Maxwell D. Taylor."
          }
        ]
      }
    },
    {
      "250": {
        "ind1": "\\",
        "ind2": "\\",
        "subfields": [
          {
            "a": "1st ed."
          }
        ]
      }
    },
    {
      "264": {
        "ind1": "\\",
        "ind2": "1",
        "subfields": [
          {
            "a": "New York :"
          },
          {
            "b": "Harper,"
          },
          {
            "c": "1960."
          }
        ]
      }
    },
    {
      "300": {
        "ind1": "\\",
        "ind2": "\\",
        "subfields": [
          {
            "a": "xiv, 203 pages ;"
          },
          {
            "c": "22 cm"
          }
        ]
      }
    },
    {
      "336": {
        "ind1": "\\",
        "ind2": "\\",
        "subfields": [
          {
            "a": "text"
          },
          {
            "b": "txt"
          },
          {
            "2": "rdacontent"
          }
        ]
      }
    },
    {
      "337": {
        "ind1": "\\",
        "ind2": "\\",
        "subfields": [
          {
            "a": "unmediated"
          },
          {
            "b": "n"
          },
          {
            "2": "rdamedia"
          }
        ]
      }
    },
    {
      "338": {
        "ind1": "\\",
        "ind2": "\\",
        "subfields": [
          {
            "a": "volume"
          },
          {
            "b": "nc"
          },
          {
            "2": "rdacarrier"
          }
        ]
      }
    },
    {
      "505": {
        "ind1": "0",
        "ind2": "\\",
        "subfields": [
          {
            "a": "The great fallacy -- The rise of the doctrine of massive retaliation -- The new look in action, 1953-1956 -- The new look ages, 1956-1959 -- The making of our military strategy -- theory -- The Joint Chiefs of Staff at work -- The failure of decision-making : how military strategy is formulated in fact -- Flexible response -- a new national military program -- A new and certain trumpet."
          }
        ]
      }
    },
    {
      "651": {
        "ind1": "\\",
        "ind2": "0",
        "subfields": [
          {
            "a": "United States"
          },
          {
            "x": "Military policy."
          }
        ]
      }
    },
    {
      "651": {
        "ind1": "\\",
        "ind2": "0",
        "subfields": [
          {
            "a": "United States"
          },
          {
            "x": "Defenses."
          }
        ]
      }
    },
    {
      "651": {
        "ind1": "\\",
        "ind2": "0",
        "subfields": [
          {
            "a": "United States"
          },
          {
            "x": "Armed Forces."
          }
        ]
      }
    },
    {
      "650": {
        "ind1": "\\",
        "ind2": "7",
        "subfields": [
          {
            "a": "Military policy."
          },
          {
            "2": "fast"
          },
          {
            "0": "(OCoLC)fst01021386"
          }
        ]
      }
    },
    {
      "650": {
        "ind1": "\\",
        "ind2": "7",
        "subfields": [
          {
            "a": "Military readiness."
          },
          {
            "2": "fast"
          },
          {
            "0": "(OCoLC)fst01021419"
          }
        ]
      }
    },
    {
      "651": {
        "ind1": "\\",
        "ind2": "7",
        "subfields": [
          {
            "a": "United States."
          },
          {
            "2": "fast"
          },
          {
            "0": "(OCoLC)fst01204155"
          }
        ]
      }
    },
    {
      "776": {
        "ind1": "0",
        "ind2": "8",
        "subfields": [
          {
            "i": "Online version:"
          },
          {
            "a": "Taylor, Maxwell D. (Maxwell Davenport), 1901-1987."
          },
          {
            "t": "Uncertain trumpet."
          },
          {
            "b": "1st ed."
          },
          {
            "d": "New York : Harper ; 1960"
          },
          {
            "w": "(OCoLC)599509157"
          }
        ]
      }
    },
    {
      "994": {
        "ind1": "\\",
        "ind2": "\\",
        "subfields": [
          {
            "a": "Z0"
          },
          {
            "b": "NYRVC"
          }
        ]
      }
    },
    {
      "948": {
        "ind1": "\\",
        "ind2": "\\",
        "subfields": [
          {
            "h": "NO HOLDINGS IN NYRVC - 731 OTHER HOLDINGS"
          }
        ]
      }
    },
    {
      "999": {
        "ind1": "\\",
        "ind2": "\\",
        "subfields": [
          {
            "a": "00000000013970"
          }
        ]
      }
    }
  ]
}